<record><leader>00000cas a22000007a 4500</leader><controlfield tag="001">23997652</controlfield><controlfield tag="008">910627d19uu19uuohudr ne      0    0eng d</controlfield><datafield ind1=" " ind2=" " tag="010"><subfield code="a">sn 91069983 </subfield></datafield><datafield ind1=" " ind2=" " tag="040"><subfield code="a">ONP</subfield><subfield code="b">eng</subfield><subfield code="c">ONP</subfield><subfield code="d">OCLCQ</subfield></datafield><datafield ind1=" " ind2=" " tag="042"><subfield code="a">msc</subfield></datafield><datafield ind1="0" ind2="4" tag="245"><subfield code="a">The Daily Index-Republican.</subfield></datafield><datafield ind1=" " ind2=" " tag="260"><subfield code="a">Bellefontaine, Ohio :</subfield><subfield code="b">[s.n.]</subfield></datafield><datafield ind1=" " ind2=" " tag="300"><subfield code="a">v.</subfield></datafield><datafield ind1=" " ind2=" " tag="310"><subfield code="a">Daily</subfield></datafield><datafield ind1=" " ind2=" " tag="588"><subfield code="a">Description based on: Vol. 18, no. 202 (July 12, 1911).</subfield></datafield><datafield ind1=" " ind2=" " tag="752"><subfield code="a">United States</subfield><subfield code="b">Ohio</subfield><subfield code="c">Logan</subfield><subfield code="d">Bellefontaine.</subfield></datafield><datafield ind1="0" ind2="0" tag="780"><subfield code="t">Daily index (Bellefontaine, Ohio)</subfield></datafield></record>